<record><leader>00000cas a2200000 a 4500</leader><controlfield tag="001">9178134</controlfield><controlfield tag="008">830201d18651949ohucr ne      0    0eng d</controlfield><controlfield tag="009">9</controlfield><datafield ind1=" " ind2=" " tag="010"><subfield code="a">sn 85025643 </subfield></datafield><datafield ind1=" " ind2=" " tag="040"><subfield code="a">BGU</subfield><subfield code="b">eng</subfield><subfield code="c">BGU</subfield><subfield code="d">NPX</subfield><subfield code="d">ONP</subfield><subfield code="d">OCL</subfield></datafield><datafield ind1=" " ind2=" " tag="042"><subfield code="a">msc</subfield></datafield><datafield ind1="0" ind2="4" tag="245"><subfield code="a">The Bryan Democrat.</subfield></datafield><datafield ind1=" " ind2=" " tag="260"><subfield code="a">Bryan, Ohio :</subfield><subfield code="b">Robt. N. Patterson,</subfield><subfield code="c">1865-1949.</subfield></datafield><datafield ind1=" " ind2=" " tag="300"><subfield code="a">v. :</subfield><subfield code="b">ill. ;</subfield><subfield code="c">55-59 cm.</subfield></datafield><datafield ind1=" " ind2=" " tag="310"><subfield code="a">Semiweekly,</subfield><subfield code="b">Apr. 20, 1906-Feb. 3, 1949</subfield></datafield><datafield ind1=" " ind2=" " tag="321"><subfield code="a">Weekly,</subfield><subfield code="b">May 18, 1865-Apr. 12, 1906</subfield></datafield><datafield ind1="0" ind2=" " tag="362"><subfield code="a">Vol. 3, no. 1 (May 18, 1865)-86th year, no. 83 (Feb. 3, 1949).</subfield></datafield><datafield ind1=" " ind2=" " tag="500"><subfield code="a">Publisher: Robert N. Patterson, &lt;1876&gt;.</subfield></datafield><datafield ind1=" " ind2=" " tag="500"><subfield code="a">Editor: Robert N. Patterson, &lt;1876&gt;.</subfield></datafield><datafield ind1=" " ind2=" " tag="752"><subfield code="a">United States</subfield><subfield code="b">Ohio</subfield><subfield code="c">Williams</subfield><subfield code="d">Bryan.</subfield></datafield><datafield ind1="0" ind2="0" tag="780"><subfield code="t">Weekly Bryan Democrat</subfield><subfield code="w">(DLC)sn 85025642</subfield></datafield><datafield ind1="0" ind2="5" tag="780"><subfield code="t">Fountain city Argus</subfield><subfield code="w">(DLC)sn 87076821</subfield></datafield><datafield ind1="0" ind2="7" tag="785"><subfield code="t">Bryan press (Bryan, Ohio : 1869)</subfield><subfield code="w">(DLC)sn 85034411</subfield></datafield><datafield ind1="0" ind2="7" tag="785"><subfield code="t">Bryan times</subfield><subfield code="w">(DLC)sn 87076822</subfield></datafield></record>